<record><leader>00000cas a22000007a 4500</leader><controlfield tag="001">27967797</controlfield><controlfield tag="008">930422d19001976okuwr n       0    0eng d</controlfield><datafield ind1=" " ind2=" " tag="010"><subfield code="a">sn 93065937 </subfield></datafield><datafield ind1=" " ind2=" " tag="040"><subfield code="a">OBN</subfield><subfield code="b">eng</subfield><subfield code="c">OBN</subfield><subfield code="d">OCLCQ</subfield><subfield code="d">OCLCO</subfield></datafield><datafield ind1=" " ind2=" " tag="042"><subfield code="a">msc</subfield></datafield><datafield ind1=" " ind2=" " tag="043"><subfield code="a">n-us-ok</subfield></datafield><datafield ind1="0" ind2=" " tag="130"><subfield code="a">Edmond sun (Edmond, Okla. : 1900)</subfield></datafield><datafield ind1="1" ind2="4" tag="245"><subfield code="a">The Edmond sun.</subfield></datafield><datafield ind1=" " ind2=" " tag="260"><subfield code="a">Edmond, Oklahoma Territory, Okla. :</subfield><subfield code="b">Sun Pub. Co.</subfield></datafield><datafield ind1=" " ind2=" " tag="300"><subfield code="a">v.</subfield></datafield><datafield ind1=" " ind2=" " tag="310"><subfield code="a">Weekly</subfield></datafield><datafield ind1="0" ind2=" " tag="362"><subfield code="a">Vol. 11, no. 46 (May 18, 1900)-v. 86, no. 36 (Sept. 6, 1976).</subfield></datafield><datafield ind1=" " ind2="0" tag="651"><subfield code="a">Edmond (Okla.)</subfield><subfield code="v">Newspapers.</subfield></datafield><datafield ind1=" " ind2="0" tag="651"><subfield code="a">Oklahoma County (Okla.)</subfield><subfield code="v">Newspapers.</subfield></datafield><datafield ind1=" " ind2="0" tag="651"><subfield code="a">Oklahoma Territory (Okla.)</subfield><subfield code="v">Newspapers.</subfield></datafield><datafield ind1=" " ind2=" " tag="752"><subfield code="a">United States</subfield><subfield code="b">Oklahoma</subfield><subfield code="c">Oklahoma</subfield><subfield code="d">Edmond.</subfield></datafield><datafield ind1="0" ind2="0" tag="780"><subfield code="t">Edmond sun-democrat</subfield><subfield code="w">(DLC)sn 86063933</subfield><subfield code="w">(OCoLC)13733083</subfield></datafield><datafield ind1="0" ind2="0" tag="785"><subfield code="t">Edmond evening sun</subfield><subfield code="w">(DLC)sn 93065933</subfield><subfield code="w">(OCoLC)27970269</subfield></datafield></record>